@article{daley1965stochastic,
  title = "Stochastic rumours",
  author = "Daley, DJ and Kendall, David G",
  journal = "IMA Journal of Applied Mathematics",
  volume = "1",
  number = "1",
  pages = "42--55",
  year = "1965",
  publisher = "IMA"
}

@article{moreno2004dynamics,
  title = "Dynamics of rumor spreading in complex networks",
  author = "Moreno, Yamir and Nekovee, Maziar and Pacheco, Amalio F",
  journal = "Physical Review E",
  volume = "69",
  number = "6",
  pages = "066130",
  year = "2004",
  publisher = "APS"
}

@article{nekovee2007theory,
  title = "Theory of rumour spreading in complex social networks",
  author = "Nekovee, Maziar and Moreno, Yamir and Bianconi, G and Marsili, M",
  journal = "Physica A: Statistical Mechanics and its Applications",
  volume = "374",
  number = "1",
  pages = "457--470",
  year = "2007",
  publisher = "Elsevier"
}

@article{zhao2011rumor,
  title = "Rumor spreading model with consideration of forgetting mechanism: A case of online blogging LiveJournal",
  author = "Zhao, Laijun and Wang, Qin and Cheng, Jingjing and Chen, Yucheng and Wang, Jiajia and Huang, Wei",
  journal = "Physica A: Statistical Mechanics and its Applications",
  volume = "390",
  number = "13",
  pages = "2619--2625",
  year = "2011",
  publisher = "Elsevier"
}

@article{zhao2013sir,
  title = "SIR rumor spreading model in the new media age",
  author = "Zhao, Laijun and Cui, Hongxin and Qiu, Xiaoyan and Wang, Xiaoli and Wang, Jiajia",
  journal = "Physica A: Statistical Mechanics and its Applications",
  volume = "392",
  number = "4",
  pages = "995--1003",
  year = "2013",
  publisher = "Elsevier"
}

@article{zhao2012sihr,
  title = "SIHR rumor spreading model in social networks",
  author = "Zhao, Laijun and Wang, Jiajia and Chen, Yucheng and Wang, Qin and Cheng, Jingjing and Cui, Hongxin",
  journal = "Physica A: Statistical Mechanics and its Applications",
  volume = "391",
  number = "7",
  pages = "2444--2453",
  year = "2012",
  publisher = "Elsevier"
}

@article{zhao2013rumor,
  title = "Rumor spreading model considering forgetting and remembering mechanisms in inhomogeneous networks",
  author = "Zhao, Laijun and Qiu, Xiaoyan and Wang, Xiaoli and Wang, Jiajia",
  journal = "Physica A: Statistical Mechanics and its Applications",
  volume = "392",
  number = "4",
  pages = "987--994",
  year = "2013",
  publisher = "Elsevier"
}

@article{isham2010stochastic,
  title = "Stochastic epidemics and rumours on finite random networks",
  author = "Isham, Valerie and Harden, Simon and Nekovee, Maziar",
  journal = "Physica A: Statistical Mechanics and its Applications",
  volume = "389",
  number = "3",
  pages = "561--576",
  year = "2010",
  publisher = "Elsevier"
}

@article{daley1964epidemics,
  title = "Epidemics and Rumours",
  author = "Daley, DJ and Kendall, DG",
  journal = "Nature",
  volume = "204",
  number ="4963",
  pages = "1118--1118",
  year = "1964",
  publisher = "Nature Publishing Group"
}

@incollection{vlachos2005ngce,
  title="NGCE--network graphs for computer epidemiologists",
  author="Vlachos, Vasileios and Vouzi, Vassiliki and Chatziantoniou, Damianos and Spinellis, Diomidis",
  booktitle="Advances in Informatics",
  pages="672--683",
  year="2005",
  publisher="Springer"
}

@article{ellison2007social,
  title="Social network sites: Definition, history, and scholarship",
  author="Ellison, Nicole B and others",
  journal="Journal of Computer-Mediated Communication",
  volume="13",
  number="1",
  pages="210--230",
  year="2007",
  publisher="Wiley Online Library"
}

@article{barabasi1999mean,
  title="Mean-field theory for scale-free random networks",
  author="Barab{\'a}si, Albert-L{\'a}szl{\'o} and Albert, R{\'e}ka and Jeong, Hawoong",
  journal="Physica A: Statistical Mechanics and its Applications",
  volume="272",
  number="1",
  pages="173--187",
  year="1999",
  publisher="Elsevier"
}

@ONLINE{secPonzi,
author = "",
title = "Ponzi Schemes",
month = "",
year = "",
url = "http://www.sec.gov/answers/ponzi.htm"
}

@ONLINE{gridCluster,
author = "Yuri Ivanov",
title = "Cluster Grid",
month = "",
year = "",
url = "http://se.hpc.utfsm.cl/repos/tmp/Cluster-Grid.pptx"
}

@ONLINE{votingsUSM2015,
author = "",
title = "Votings for the 2015 UTFSM student federation",
month = "November",
year = "2015",
url = "https://www.scribd.com/embeds/248550374/content?start_page=1&view_mode=scroll&access_key=key-aiVHmjXXOf2cJ9w5kIdo&show_recommendations=true"
}


@book{barrat2008dynamical,
  title="Dynamical processes on complex networks",
  author="Barrat, Alain and Barthelemy, Marc and Vespignani, Alessandro",
  volume="1",
  year="2008",
  publisher="Cambridge University Press Cambridge"
}
 
@article{belen2008behaviour,
  title="The behaviour of stochastic rumours.",
  author="Belen, Selma",
  year="2008"
}

@incollection{allen2008introduction,
  title="An introduction to stochastic epidemic models",
  author="Allen, Linda JS",
  booktitle="Mathematical Epidemiology",
  pages="81--130",
  year="2008",
  publisher="Springer"
}

@article{serrano2007correlations,
  title="Correlations in complex networks",
  author="Serrano, Mar\'ia Angeles and Bogu\~n\'a, Marian and Pastor-Satorras, Romualdo and Vespignani, Alejandro",
  journal="Large scale structure and dynamics of complex networks: From information technology to finance and natural sciences",
  pages="35--66",
  year="2007"
}

@article{pastor2001epidemic,
  title="Epidemic spreading in scale-free networks",
  author="Pastor-Satorras, Romualdo and Vespignani, Alessandro",
  journal="Physical review letters",
  volume="86",
  number="14",
  pages="3200",
  year="2001",
  publisher="APS"
}

@article{karsai2014time,
  title="Time varying networks and the weakness of strong ties",
  author="Karsai, M{\'a}rton and Perra, Nicola and Vespignani, Alessandro",
  journal="Scientific reports",
  volume="4",
  year="2014",
  publisher="Nature Publishing Group"
}

@book{tsvetovat2011social,
  title="Social Network Analysis for Startups: Finding connections on the social web",
  author="Tsvetovat, Maksim and Kouznetsov, Alexander",
  year="2011",
  publisher=" O'Reilly Media, Inc."
}

@article{ellison2007social,
  title="Social network sites: Definition, history, and scholarship",
  author="Ellison, Nicole B and others",
  journal="Journal of Computer-Mediated Communication",
  volume="13",
  number="1",
  pages="210--230",
  year="2007",
  publisher="Wiley Online Library"
}

@article{barabasi2003scale,
  title="Scale-free",
  author="Albert Barab{\'a}si and Bonabeau Eric",
  journal="Scientific American",
  year="2003"
}

@article{weng2013virality,
  title="Virality prediction and community structure in social networks",
  author="Weng, Lilian and Menczer, Filippo and Ahn, Yong-Yeol",
  journal="Scientific reports",
  volume="3",
  year="2013",
  publisher="Nature Publishing Group"
}

@article{wang2014siraru,
  title="SIRaRu rumor spreading model in complex networks",
  author="Wang, Jiajia and Zhao, Laijun and Huang, Rongbing",
  journal="Physica A: Statistical Mechanics and its Applications",
  volume="398",
  pages="43--55",
  year="2014",
  publisher="Elsevier"
}

@article{afassinou2014analysis,
  title="Analysis of the impact of education rate on the rumor spreading mechanism",
  author="Afassinou, Komi",
  journal="Physica A: Statistical Mechanics and its Applications",
  volume="414",
  pages="43--52",
  year="2014",
  publisher="Elsevier"
}